%% This is the Bib file for the Rapport projet 3A

@article{guyon2013new,
  title={A new class of local correlation models},
  author={Guyon, Julien},
  journal={Available at SSRN 2283419},
  year={2013}
}

@article{gyongy1986mimicking,
  title={Mimicking the one-dimensional marginal distributions of processes having an It{\^o} differential},
  author={Gy{\"o}ngy, Istv{\'a}n},
  journal={Probability theory and related fields},
  volume={71},
  number={4},
  pages={501--516},
  year={1986},
  publisher={Springer}
}

@article{dupire1994pricing,
  title={Pricing with a smile},
  author={Dupire, Bruno and others},
  journal={Risk},
  volume={7},
  number={1},
  pages={18--20},
  year={1994}
}

@book{guyon2013nonlinear,
  title={Nonlinear option pricing},
  author={Guyon, Julien and Henry-Labord{\`e}re, Pierre},
  year={2013},
  publisher={CRC Press}
}

@article{langnau2010dynamic,
  title={A dynamic model for correlation},
  author={Langnau, Alex},
  journal={Risk},
  volume={23},
  number={4},
  pages={74},
  year={2010},
  publisher={Incisive Media Plc}
}

@article{reghai2010breaking,
  title={Breaking correlation breaks},
  author={Reghai, Adil},
  journal={Risk},
  volume={23},
  number={10},
  pages={92},
  year={2010},
  publisher={Incisive Media Plc}
}

@article{guyon2010spot,
  title={From spot volatilities to implied volatilities},
  author={Guyon, Julien and Henry-Labordere, Pierre},
  journal={Available at SSRN 1663878},
  year={2010}
}

